<record><leader>00000cas a22000007a 4500</leader><controlfield tag="001">9745957</controlfield><controlfield tag="008">830727d187u1874nyuwr ne      0    0eng d</controlfield><datafield ind1=" " ind2=" " tag="010"><subfield code="a">sn 83031023 </subfield></datafield><datafield ind1=" " ind2=" " tag="040"><subfield code="a">NPU</subfield><subfield code="b">eng</subfield><subfield code="c">NPU</subfield><subfield code="d">NPX</subfield><subfield code="d">NYS</subfield><subfield code="d">OCLCQ</subfield></datafield><datafield ind1=" " ind2=" " tag="042"><subfield code="a">msc</subfield></datafield><datafield ind1="0" ind2=" " tag="130"><subfield code="a">Friendship register (Friendship, N.Y. : 1872)</subfield></datafield><datafield ind1="1" ind2="0" tag="245"><subfield code="a">Friendship register.</subfield></datafield><datafield ind1=" " ind2=" " tag="260"><subfield code="a">Friendship, N.Y. :</subfield><subfield code="b">R.R. Helme</subfield></datafield><datafield ind1=" " ind2=" " tag="300"><subfield code="a">v. ;</subfield><subfield code="c">52 cm.</subfield></datafield><datafield ind1=" " ind2=" " tag="310"><subfield code="a">Weekly</subfield></datafield><datafield ind1="0" ind2=" " tag="362"><subfield code="a">-v. 5, no. 52 (Dec. 24, 1874) = -whole no. 260.</subfield></datafield><datafield ind1=" " ind2=" " tag="588"><subfield code="a">Description based on: Vol. 3, no. 3 (Jan. 20, 1872).</subfield></datafield><datafield ind1=" " ind2="4" tag="651"><subfield code="a">Friendship (N.Y.)</subfield><subfield code="v">Newspapers.</subfield></datafield><datafield ind1=" " ind2=" " tag="752"><subfield code="a">United States</subfield><subfield code="b">New York</subfield><subfield code="c">Allegany</subfield><subfield code="d">Friendship.</subfield></datafield><datafield ind1="0" ind2="0" tag="780"><subfield code="t">Friendship weekly register (Friendship, N.Y. : 1869)</subfield><subfield code="w">(DLC)sn 92061787</subfield></datafield><datafield ind1="0" ind2="0" tag="785"><subfield code="t">Friendship weekly register (Friendship, N.Y. : 1875)</subfield><subfield code="w">(DLC)sn 84031254</subfield></datafield><datafield ind1="1" ind2=" " tag="029"><subfield code="a">AU@</subfield><subfield code="b">000025829956</subfield></datafield></record>